@ONLINE {ting_stanford,
    author = {Jason Ting},
    title  = {{A Look Into the World of Reddit with Neural Networks}},
    note = {Retrieved from Stanford University, Institute of Computational and Mathematical Engineering: \href{https://cs224d.stanford.edu/reports/TingJason.pdf}{https://cs224d.stanford.edu/reports/TingJason.pdf}}
}

@ONLINE {brendan_koufos_nltk,
	author = {Brendan Martin and Nikos Koufos},
	title = {{Sentiment Analysis on Reddit News Headlines with Pythonâ€™s Natural Language Toolkit (NLTK)}},
	note = {Retrieved from LearnDataSci: \href{https://www.learndatasci.com/tutorials/sentiment-analysis-reddit-headlines-pythons-nltk/}{https://www.learndatasci.com/tutorials/sentiment-analysis-reddit-headlines-pythons-nltk/}}
}

@ONLINE {vasandani_news,
    author = {Jasmine Vasandani},
    title  = {{I Built a Fake News Detector Using Natural Language Processing and Classification Models}},
    month  = {apr},
    year   = {2019},
    day = {9},
    note = {Retrieved from Towards Data Science: \href{https://towardsdatascience.com/i-built-a-fake-news-detector-using-natural-language-processing-and-classification-models-da180338860e}{https://towardsdatascience.com/i-built-a-fake-news-detector-using-natural-language-processing-and-classification-models-da180338860e}}
}

@MASTERSTHESIS {willemsen_ama,
    author = {Bram Willemsen},
    title  = {{I Am A Sequence-to-Sequence Model trained on Reddit Data, Ask Me Anything!}},
    subtitle = {{Generating Replies to Reddit Comments with Attentive Encoder-Decoder Networks}},
    school = {Tilburg University},
    year   = {2017},
    month  = {jul},
    note   = {Retrieved from \href{http://arno.uvt.nl/show.cgi?fid=144631}{http://arno.uvt.nl/show.cgi?fid=144631}}
}